%! Author = pkolosov
%! Date = 6/22/2021

